% Encoding: UTF-8

@TechReport{nsa,
  author      = {Laurie Law and Susan Sabett and Jerry Solinas},
  title       = {How to Make a Mint: The Cryptography of Anonymous Electronic Cash},
  institution = {National Security Agency Office of Information Security Research and Technology},
  year        = {1996},
  month       = jun,
  url         = {http://groups.csail.mit.edu/mac/classes/6.805/articles/money/nsamint/nsamint.htm},
}

@InProceedings{zerocoin,
  author       = {Ian Miers and Christina Garman and Matthew Green and Aviel D. Rubin},
  title        = {Zerocoin: Anonymous Distributed E-Cash from Bitcoin},
  booktitle    = {Proceedings of the IEEE Symposium on Security and Privacy},
  year         = {2013},
  address      = {Oakland},
  organization = {The Johns Hopkins University Department of Computer Science, Baltimore, USA},
  url          = {http://spar.isi.jhu.edu/~mgreen/ZerocoinOakland.pdf},
}

@InProceedings{pinocchiocoin,
	author  = {George Danezis and Cédric Fournet and Markulf Kohlweiss and Bryan Parno},
	title   = {Pinocchio Coin: Building Zerocoin from a Succinct
	Pairing-based Proof System},
	booktitle    = {Proceedings of the IEEE Symposium on Security and Privacy},
	year         = {2013},
	address      = {Oakland},
	organization = {Microsoft Research},
	url     = {http://citeseerx.ist.psu.edu/viewdoc/download?doi=10.1.1.673.8208&rep=rep1&type=pdf},
}

@InProceedings{zerocash,
  author    = {Eli Ben-Sasson and Alessandro Chiesa and Christina Garman and Matthew Green and Ian Miers and Eran Tromer and Madars Virza},
  title     = {Zerocash: Decentralized Anonymous Payments from Bitcoin},
  booktitle = {Proceedings of the IEEE Symposium on Security \& Privacy},
  year      = {2014},
  series    = {459-474},
  address   = {Oakland},
  url       = {http://zerocash-project.org/media/pdf/zerocash-oakland2014.pdf},
}

@Misc{zcash,
	author = {Daira Hopwood and Sean Bowe and Taylor Hornby and Nathan Wilcox},
	title = {Zcash Protocol Specification (2018.0-beta-21)},
	year = {2018},
	url = {https://github.com/zcash/zips/releases/tag/2018.0-beta-21}
}

@inproceedings{zkProofs,
	author = {Goldwasser, S and Micali, S and Rackoff, C},
	title = {The Knowledge Complexity of Interactive Proof-systems},
	booktitle = {Proceedings of the Seventeenth Annual ACM Symposium on Theory of Computing},
	series = {STOC '85},
	year = {1985},
	isbn = {0-89791-151-2},
	location = {Providence, Rhode Island, USA},
	pages = {291--304},
	numpages = {14},
	url = {http://doi.acm.org/10.1145/22145.22178},
	doi = {10.1145/22145.22178},
	acmid = {22178},
	publisher = {ACM},
	address = {New York, NY, USA},
} 

@patent{mTrees,
	title = {(US4309569) Method of providing digital signatures},
	author = {Ralph C. Merkle},
	year = {1982},
	url = {https://patentscope.wipo.int/search/en/detail.jsf?docId=US37291157&redirectedID=true}
}

@MISC{bitcoin,
	author = {Satoshi Nakamoto},
	title = {Bitcoin: A peer-to-peer electronic cash system},
	year = {2008},
	url = {http://bitcoin.org/bitcoin.pdf}
}

@misc{ethOrig,
	author = {Vitalik Buterin},
	title = {Ethereum: The Ultimate Smart Contract and Decentralized Application Platform},
	year = {2013},
	url = {http://web.archive.org/web/20131228111141/http://vbuterin.com/ethereum.html}
}

@misc{ethLatest,
    author = {Vitalik Buterin},
    title = {A Next-Generation Smart Contract and Decentralized Application Platform},
    year = {2018},
    url = {https://github.com/ethereum/wiki/wiki/White-Paper}
}

@misc{ethYell,
	author = {Gavin Wood},
	title = {Ethereum: A Secure Decentralised Generalised Transaction Ledger (Byzantium Version)},
	year = {2018},
	url = {https://ethereum.github.io/yellowpaper/paper.pdf]
}

@inproceedings{incTrees,
	author = {Ogawa, Mizuhito and Horita, Eiichi and Ono, Satoshi},
	title = {Proving Properties of Incremental Merkle Trees},
	booktitle = {Proceedings of the 20th International Conference on Automated Deduction},
	series = {CADE' 20},
	year = {2005},
	isbn = {3-540-28005-7, 978-3-540-28005-7},
	location = {Tallinn, Estonia},
	pages = {424--440},
	numpages = {17},
	url = {http://dx.doi.org/10.1007/11532231_31},
	doi = {10.1007/11532231_31},
	acmid = {2153585},
	publisher = {Springer-Verlag},
	address = {Berlin, Heidelberg},
	keywords = {Merkle tree, temporal authentication, theorem prover},
} 


@inproceedings{firstSnark,
	author = {Bitansky, Nir and Canetti, Ran and Chiesa, Alessandro and Tromer, Eran},
	title = {From Extractable Collision Resistance to Succinct Non-interactive Arguments of Knowledge, and Back Again},
	booktitle = {Proceedings of the 3rd Innovations in Theoretical Computer Science Conference},
	series = {ITCS '12},
	year = {2012},
	isbn = {978-1-4503-1115-1},
	location = {Cambridge, Massachusetts},
	pages = {326--349},
	numpages = {24},
	url = {http://doi.acm.org/10.1145/2090236.2090263},
	doi = {10.1145/2090236.2090263},
	acmid = {2090263},
	publisher = {ACM},
	address = {New York, NY, USA},
} 
[download]


@Misc{pinocchio,
  author       = {Bryan Parno and Craig Gentry and Jon Howell and Mariana Raykova},
  title        = {Pinocchio: Nearly Practical Verifiable Computation},
  howpublished = {Cryptology ePrint Archive, Report 2013/279},
  year         = {2013},
  url          = {https://eprint.iacr.org/2013/279},
}

@misc{bctv14,
	author = {Eli Ben-Sasson and Alessandro Chiesa and Eran Tromer and Madars Virza},
	title = {Succinct Non-Interactive Zero Knowledge for a von Neumann Architecture},
	howpublished = {Cryptology ePrint Archive, Report 2013/879},
	year = {2013},
	url = {https://eprint.iacr.org/2013/879},
}

@misc{groth16,
	author = {Jens Groth},
	title = {On the Size of Pairing-based Non-interactive Arguments},
	howpublished = {Cryptology ePrint Archive, Report 2016/260},
	year = {2016},
	url = {https://eprint.iacr.org/2016/260},
}

@misc{twists,
	author = {Michael Scott},
	title = {A note on twists for pairing friendly curves},
	url = {http://indigo.ie/~mscott/twists.pdf},
}

@misc{mHash,
	author = {Ralph C. Merkle},
	title = {Secrecy, Authentication and Public Key Systems},
	year = {1979},
	url = {http://www.merkle.com/papers/Thesis1979.pdf}
}
	
	
@misc{sec2,
	author = {Certicom Research},
	title = {SEC 2: Recommended Elliptic Curve Domain Parameters},
	year = {2010},
	url = {http://www.secg.org/sec2-v2.pdf},
}

@MISC{NIST180-4,
	title = {FIPS PUB 180-4, Secure Hash Standard (SHS)},
	note = {U.S.Department of Commerce/National Institute of Standards and Technology},
	year = {2015},
	url = {https://nvlpubs.nist.gov/nistpubs/FIPS/NIST.FIPS.180-4.pdf}
}

@misc{keccak,
	title = {The Keccak Reference},
	author = {Guido Bertoni and Joan Daemen and Michaël Peeters and Gilles Van Assche},
	year = {2011},
	url = {https://keccak.team/files/Keccak-reference-3.0.pdf}
}

@inproceedings{ST1999,
	presort={ST1999},
	author={Tomas Sander and Amnon Ta--Shma},
	title={Auditable, {A}nonymous {E}lectronic {C}ash},
	year={1999},
	booktitle={Advances in Cryptology - CRYPTO~'99.
	Proceedings of the 19th Annual International Cryptology Conference
	(Santa Barbara, California, USA, August~15--19, 1999)},
	volume={1666},
	series={Lecture Notes in Computer Science},
	editor={Michael Wiener},
	pages={555--572},
	publisher={Springer},
	isbn={978-3-540-66347-8},
	doi={10.1007/3-540-48405-1_35},
	url={https://link.springer.com/content/pdf/10.1007/3-540-48405-1_35.pdf},
	urldate={2018-06-05}
}

@misc{rfc7539,
	author = {Yoav Nir and Adam Langley},
	title = {Request for Comments 7539: ChaCha20 and Poly1305 for IETF
Protocols},
	year = {2015},
	url = {https://tools.ietf.org/html/rfc7539},
	urldate = {2018-07-18},
}

@Comment{jabref-meta: databaseType:bibtex;}
